@book{knuth,
	author    = {Donald E. Knuth},
	title     = {The Art of Computer Programming, Volume 2: Seminumerical Algorithms},
	edition   = {3rd},
	year      = {1997},
	publisher = {Addison-Wesley},
}

@article{mersenne,
	author  = {Makoto Matsumoto and Takuji Nishimura},
	title   = {Mersenne Twister: A 623-Dimensionally Equidistributed Uniform Pseudo-Random Number Generator},
	volume  = {8},
	year    = {1998},
	publisher = {ACM},
}

@article{metrics,
	author    = {Alexei Botchkarev},
	title     = {Performance Metrics (Error Measures) in Machine Learning Regression, Forecasting and Prognostics: Properties and Typology},
	year      = {2019},
	note      = {Principal, GS Research & Consulting; Adjunct Prof., Department of Computer Science, Ryerson University}
}

@book{ProbAndStat,
	author    = {Ronald E. Walpole and Raymond H. Myers and Sharon L. Myers and Keying Ye},
	title     = {Probability and Statistics for Engineers and Scientist},
	edition   = {9th},
	year      = {2011},
	publisher = {Pearson},
}

@book{AppliedLSM,
	author = {Michael H. Kutner, Christopher J. Nachtsheim, John Neter and William Li},
	title = {Applied Linear Statistical Models},
	edition = {5th},
	year = {2005},
	publisher = {McGraw-Hill Irwin},
}
@misc{HomoSce,
	author       = {{Social Science Computing Cooperative}},
	title        = {Homoscedasticity},
	howpublished = {\url{https://sscc.wisc.edu/sscc/pubs/RegDiag-R/homoscedasticity.html}},
	note         = {Accessed: 2025-05-23},
	year         = {n.d.}
}
	
@article{Heteroscedasticity,
	author    = {Oscar L. Olvera Astivia and Bruno D. Zumbo},
	title     = {Heteroskedasticity in Multiple Regression Analysis: What it is, How to Detect it and How to Solve it with Applications in R and SPSS},
	journal   = {Practical Assessment, Research, and Evaluation},
	year      = {2019},
	url = {https://openpublishing.library.umass.edu/pare/article/1590/galley/1541/view/}
}
	
	
@book{ProbAndStat_8th,
	title     = {Probability and Statistics for Engineering and the Sciences},
	author    = {Jay L. Devore},
	year      = {2011},
	edition   = {8th},
	publisher = {Cengage Learning},
	url       = {http://www.drhuang.com/science/mathematics/book/probability_and_statistics_for_engineering_and_the_sciences.pdf},
	note      = {Accessed via Dr. Huang's website}
}
	
@article{MultAndMis,
	title     = {Multicollinearity and Misleading Statistical Results},
	author    = {Jong Hae Kim},
	journal   = {Korean Journal of Anesthesiology},
	volume    = {72},
	pages     = {558--569},
	year      = {2019},
	doi       = {10.4097/kja.19087},
	url       = {https://ekja.org/upload/pdf/kja-19087.pdf},
	note      = {Accessed via Korean Journal of Anesthesiology}
}
	
@Book{DetectMulti,
	author    = {David Weisburd and Chester Britt and David B. Wilson and Alese Wooditch},
	title = {Basic Statistics in Criminology and Criminal Justice},
	publisher = {Springer},
	year      = {2020},
	doi       = {10.1007/978-3-030-47967-1_14},
	url       = {https://link.springer.com/chapter/10.1007/978-3-030-47967-1_14}
}
	
	
@book{MathStatResampling,
	author = {Chihara Laura and Tim Hesterberg},
	title = {Mathematical Statistics with Resampling and R},
	publisher = {Wiley},
	year = {2011}


}
	
@article{GoodPRNG,
	author = {Kamalika Bhattacharjee and Krishnendu Maity and Sukanta Das},
	title  = {A Search for Good Pseudo-random Number Generators :
Survey and Empirical Studies},
	year   = {2018},
}

@video{Assumptions,
	author = {zedstatistics},
	title = {Regression assumptions explained!},
	year = {2018},
	publisher = {Youtube},
	url = {https://www.youtube.com/watch?v=0MFpOQRY0rw}
} 


@article{ASTA,
	author = {The ASTA team},
	title = {ASTA},
	year = {2025},
	url = {https://asta.math.aau.dk/course/asta/2025-1/dvmlmatok/lecture/4-1?file=R/module-R.pdf}
}

@misc{AI
	author = {Microsoft Co-Pilot},
	title  = {Ai},
	year   = {2025},
}

@video{Assumptions,
	author = {zedstatistics},
	title = {Regression assumptions explained!},
	year = {2018},
	publisher = {Youtube},
	url = {https://www.youtube.com/watch?v=0MFpOQRY0rw}
}